@article{Fikes1971189,
    title = "Strips: A new approach to the application of theorem proving to problem solving ",
    journal = "Artificial Intelligence ",
    volume = "2",
    number = "3â€“4",
    pages = "189 - 208",
    year = "1971",
    note = "",
    issn = "0004-3702",
    doi = "http://dx.doi.org/10.1016/0004-3702(71)90010-5",
    url = "http://www.sciencedirect.com/science/article/pii/0004370271900105",
    author = "Richard E. Fikes and Nils J. Nilsson",
    keywords = "Problem solving",
    keywords = "theorem proving",
    keywords = "robot planning",
    keywords = "heuristic search "
}

